#need to have midterm and final exam "bib" entrys for the calendar, similarly create bib entrys for movies and documentaries, with just titles will make calendar able to read it in without error. 
@misc{midterm, 
	author= {.},
	title={Midterm Exam}} 

@misc{final, 
	author={.}, 
	title={Final Exam}}

@misc{howtoread,
		author= {.},  
		title={How to Read an Academic Journal Article}, 
		url= {http://ugresearch.kr.edu/student/researchbytes/how-read-social-sciences-academic-journal-article}, 
		note = {Optional}
}

@misc{howtowrite, 
	author={Miller, Steven V.}, 
	title={Assorted Tips for Students on Writing Research Papers},
	url= {http://svmiller.com/blog/2015/12/assorted-tips-students-research-papers/}
}


 @book{careyetal2010chapter1,
  title={The politics of human rights: the quest for dignity, Chapter 1},
  author={Carey, Sabine C and Gibney, Mark and Poe, Steven C},
  year={2010},
  publisher={Cambridge University Press}
}



 @book{careyetal2010chapter2,
  title={The politics of human rights: the quest for dignity, Chapter 2},
  author={Carey, Sabine C and Gibney, Mark and Poe, Steven C},
  year={2010},
  publisher={Cambridge University Press}
}


@article{poetate1994,
	Author = {Poe, Steven C and Tate, C Neal},
	Journal = {American Political Science Review},
	Number = {04},
	Pages = {853--872},
	Publisher = {Cambridge University Press},
	Title = {Repression of Human Rights to Personal Integrity in the 1980s: A Global Analysis.},
	Volume = {88},
	Year = {1994}
}


@article{ritter2014,
	Author = {Ritter, Emily Hencken},
	Journal = {Journal of Conflict Resolution},
	Number = {1},
	Pages = {143--168},
	Publisher = {SAGE Publications},
	Title = {Policy Disputes, Political Survival, and The Onset and Severity of State Repression},
	Volume = {58},
	Year = {2014}
}


@article{nordaasdavenport2013,
	Author = {Nordaas, Ragnhild and Davenport, Christian},
	Date-Added = {2016-09-02 20:14:30 +0000},
	Date-Modified = {2016-09-02 20:14:30 +0000},
	Journal = {American Journal of Political Science},
	Number = {4},
	Pages = {926--940},
	Publisher = {Wiley Online Library},
	Title = {Fight the youth: Youth bulges and state repression},
	Volume = {57},
	Year = {2013}
}


@article{davenportsoulearmstrong2011,
  title={Protesting while black? The differential policing of American activism, 1960 to 1990},
  author={Davenport, Christian and Soule, Sarah A and Armstrong, David A},
  journal={American Sociological Review},
  volume={76},
  number={1},
  pages={152--178},
  year={2011},
  publisher={Sage Publications Sage CA: Los Angeles, CA}
}


@article{piazzawalsh2009,
  title={Transnational terror and human rights},
  author={Piazza, James A and Walsh, James Igoe},
  journal={International Studies Quarterly},
  volume={53},
  number={1},
  pages={125--148},
  year={2009},
  publisher={Blackwell Publishing Ltd Oxford, UK}
}


@book{rejali2009,
  title={Torture and democracy},
  author={Rejali, Darius},
  year={2009},
  publisher={Princeton University Press}
}

@article{conradetal2017,
  title={Threat Perception and American Support for Torture},
  author={Conrad, Courtenay R and Croco, Sarah E and Gomez, Brad T and Moore, Will H},
  journal={Political Behavior},
  pages={1--21},
  year={2017},
  publisher={Springer}
}


@article{valentinohuthbalchlindsay2004,
  title={“Draining the sea”: mass killing and guerrilla warfare},
  author={Valentino, Benjamin and Huth, Paul and Balch-Lindsay, Dylan},
  journal={International Organization},
  volume={58},
  number={2},
  pages={375--407},
  year={2004},
  publisher={Cambridge University Press}
}


@article{cingranellifilippov2010,
	Author = {Cingranelli, David and Filippov, Mikhail},
	Journal = {The Journal of Politics},
	Number = {1},
	Pages = {243--257},
	Publisher = {Cambridge University Press New York, USA},
	Title = {Electoral Rules and Incentives to Protect Human Rights},
	Volume = {72},
	Year = {2010}}
}

@article{beberblattman2013,
  title={The logic of child soldiering and coercion},
  author={Beber, Bernd and Blattman, Christopher},
  journal={International Organization},
  volume={67},
  number={1},
  pages={65--104},
  year={2013},
  publisher={Cambridge University Press}
}


@article{yanagizawadrott2014,
  title={Propaganda and conflict: Evidence from the Rwandan genocide},
  author={Yanagizawa-Drott, David},
  journal={The Quarterly Journal of Economics},
  volume={129},
  number={4},
  pages={1947--1994},
  year={2014},
  publisher={MIT Press}
}


@article{hafnerburtonhydejablonshi2014,
  title={When do governments resort to election violence?},
  author={Hafner-Burton, Emilie M and Hyde, Susan D and Jablonski, Ryan S},
  journal={British Journal of Political Science},
  volume={44},
  number={1},
  pages={149--179},
  year={2014},
  publisher={Cambridge University Press}
}

@article{conradmoore2010,
	Author = {Conrad, Courtenay Ryals and Moore, Will H},
	Journal = {American Journal of Political Science},
	Number = {2},
	Pages = {459--476},
	Publisher = {Wiley Online Library},
	Title = {What Stops the Torture?},
	Volume = {54},
	Year = {2010}
}

@article{rivera2017,
  title={Authoritarian Institutions and State Repression: The Divergent Effects of Legislatures and Opposition Parties on Personal Integrity Rights},
  author={Rivera, Mauricio},
  journal={Journal of Conflict Resolution},
  volume={61},
  number={10},
  pages={2183--2207},
  year={2017},
  publisher={SAGE Publications Sage CA: Los Angeles, CA}
}


@article{keith2002,
  title={JUDICIAL INDEPENDENCE and human rights protection},
  author={Keith, Linda Camp},
  journal={Judicature},
  volume={85},
  number={4},
  pages={195--200},
  year={2002}
}

@article{mitchellringspellman2013,
  title={Domestic legal traditions and states’ human rights practices},
  author={Mitchell, Sara McLaughlin and Ring, Jonathan J and Spellman, Mary K},
  journal={Journal of Peace Research},
  volume={50},
  number={2},
  pages={189--202},
  year={2013},
  publisher={Sage Publications Sage UK: London, England}
}

@article{demerittyoung2013,
	Author = {DeMeritt, Jacqueline HR and Young, Joseph K},
	Date-Modified = {2017-11-30 18:27:41 +0000},
	Journal = {Conflict Management and Peace Science},
	Number = {2},
	Pages = {99--120},
	Publisher = {Sage Publications Sage UK: London, England},
	Title = {A Political Economy of Human Rights: Oil, Natural Gas, and State Incentives to Repress},
	Volume = {30},
	Year = {2013}}


@article{cingranellietal2014,
	Author = {Cingranelli, David and Fajardo-Heyward, Paola and Filippov, Mikhail},
	Journal = {British Journal of Political Science},
	Number = {3},
	Pages = {605--630},
	Publisher = {Cambridge University Press},
	Title = {Principals, Agents and Human Rights},
	Volume = {44},
	Year = {2014}
}

@article{hafnerburton2005,
	Author = {Hafner-Burton, Emilie M},
	Date-Modified = {2017-11-30 18:36:12 +0000},
	Journal = {International Organization},
	Number = {03},
	Pages = {593--629},
	Publisher = {Cambridge Univ Press},
	Title = {Trading Human Rights: How Preferential Trade Agreements Influence Government Repression},
	Volume = {59},
	Year = {2005}}


@article{hafnerburton2008,
	Author = {Hafner-Burton, Emilie M},
	Journal = {International Organization},
	Number = {04},
	Pages = {689--716},
	Publisher = {Cambridge University Press},
	Title = {Sticks and Stones: Naming and Shaming the Human Rights Enforcement Problem},
	Volume = {62},
	Year = {2008}}

@article{carnegiemarinov2017,
  title={Foreign aid, human rights, and democracy promotion: evidence from a natural experiment},
  author={Carnegie, Allison and Marinov, Nikolay},
  journal={American Journal of Political Science},
  volume={61},
  number={3},
  pages={671--683},
  year={2017},
  publisher={Wiley Online Library}
}

@book{simmons2009,
	Author = {Simmons, Beth A},
	Publisher = {Cambridge University Press},
	Title = {Mobilizing for Human Rights: International Law in Domestic Politics},
	Year = {2009}
}

@article{hill2010,
	Author = {Hill Jr, Daniel W},
	Journal = {The Journal of Politics},
	Number = {4},
	Pages = {1161--1174},
	Publisher = {Cambridge University Press},
	Title = {Estimating the Effects of Human Rights Treaties on State Behavior},
	Volume = {72},
	Year = {2010}
}

@article{sikkinkkim2013,
  title={The justice cascade: The origins and effectiveness of prosecutions of human rights violations},
  author={Sikkink, Kathryn and Kim, Hun Joon},
  journal={Annual Review of Law and Social Science},
  volume={9},
  pages={269--285},
  year={2013},
  publisher={Annual Reviews}
}



@article{whitakerwalshconrad2018, 
	title={Natural Resource Exploitation and Sexual Violence by Rebel Groups}, 
	author={Whitaker, Beth Elise and James Igeo Walsh and Justin Conrad}, 
	journal= {The Journal of Politics}, 
	year={2018} 
}


@article{krcmaric2018,
  title={Should I Stay or Should I Go? Leaders, Exile, and the Dilemmas of International Justice},
  author={Krcmaric, Daniel},
  journal={American Journal of Political Science},
  volume={62},
  number={2},
  pages={486--498},
  year={2018},
  publisher={Wiley Online Library}
}

@article{welch2017,
  title={National Human Rights Institutions: Domestic implementation of international human rights law},
  author={Welch, Ryan M},
  journal={Journal of Human Rights},
  volume={16},
  number={1},
  pages={96--116},
  year={2017},
  publisher={Taylor \& Francis}
}
